@book{1,
  title={量子力学.卷1.第5版},
  author={曾谨言},
  publisher={科学出版社},
  year={2014},
}
@book{2,
  title={量子力学.第5版},
  author={张永德},
  publisher={科学出版社},
  year={2021},
}
@book{3,
  title={高等量子力学},
  author={喀兴林},
  publisher={高等教育出版社},
  year={2001},
}