@book{1,
	title={力学.下册,理论力学-第4版},
	author={梁昆淼},
	publisher={高等教育出版社},
	year={2009},
}
